@book{driscoll,
  title     = {Fundamentals of Numerical Computation},
  author    = {Driscoll, T. A. and Braun, R. J.},
  year      = {2018}
}
