@book{driscoll,
	author = {Driscoll, T. A. and Braun, R. J.},
	year = {2018},
	title = {Fundamentals of {Numerical} {Computation}},
}

